@book{ellenberg2019data,
  title={Data monitoring committees in clinical trials: a practical perspective},
  author={Ellenberg, Susan S and Fleming, Thomas R and DeMets, David L},
  year={2019},
  publisher={John Wiley \& Sons}
}
@article{pocock1977group,
  title={Group sequential methods in the design and analysis of clinical trials},
  author={Pocock, Stuart J},
  journal={Biometrika},
  volume={64},
  number={2},
  pages={191--199},
  year={1977},
  publisher={Oxford University Press}
}
@article{o1979multiple,
  title={A multiple testing procedure for clinical trials},
  author={O'Brien, Peter C and Fleming, Thomas R},
  journal={Biometrics},
  pages={549--556},
  year={1979},
  publisher={JSTOR}
}
@article{fanelli2009many,
  title={How many scientists fabricate and falsify research? A systematic review and meta-analysis of survey data},
  author={Fanelli, Daniele},
  journal={PloS one},
  volume={4},
  number={5},
  pages={e5738},
  year={2009},
  publisher={Public Library of Science San Francisco, USA}
}
@article{armitage1969repeated,
  title={Repeated significance tests on accumulating data},
  author={Armitage, Peter and McPherson, CK and Rowe, BC},
  journal={Journal of the Royal Statistical Society: Series A (General)},
  volume={132},
  number={2},
  pages={235--244},
  year={1969},
  publisher={Wiley Online Library}
}
@article{grieve2024probability,
  title={Probability of success and group sequential designs},
  author={Grieve, Andrew P},
  journal={pharmaceutical statistics},
  volume={23},
  number={2},
  pages={185--203},
  year={2024},
  publisher={Wiley Online Library}
}
@misc{nosek2014registered,
  title={Registered reports},
  author={Nosek, Brian A and Lakens, Dani{\"e}l},
  journal={Social Psychology},
  year={2014},
  publisher={Hogrefe Publishing}
}
@article{rosenthal1979file,
  title={The file drawer problem and tolerance for null results.},
  author={Rosenthal, Robert},
  journal={Psychological bulletin},
  volume={86},
  number={3},
  pages={638},
  year={1979},
  publisher={American Psychological Association}
}
@article{chow2008adaptive,
  title={Adaptive design methods in clinical trials--a review},
  author={Chow, Shein-Chung and Chang, Mark},
  journal={Orphanet journal of rare diseases},
  volume={3},
  pages={1--13},
  year={2008},
  publisher={Springer}
}
@article{simmons2011false,
  title={False-positive psychology: Undisclosed flexibility in data collection and analysis allows presenting anything as significant},
  author={Simmons, Joseph P and Nelson, Leif D and Simonsohn, Uri},
  journal={Psychological science},
  volume={22},
  number={11},
  pages={1359--1366},
  year={2011},
  publisher={Sage Publications Sage CA: Los Angeles, CA}
}
@article{shaffer1995multiple,
  title={Multiple hypothesis testing},
  author={Shaffer, Juliet Popper},
  journal={Annual review of psychology},
  volume={46},
  number={1},
  pages={561--584},
  year={1995}
}
@article{ioannidis2005most,
  title={Why most published research findings are false},
  author={Ioannidis, John PA},
  journal={PLoS medicine},
  volume={2},
  number={8},
  pages={e124},
  year={2005},
  publisher={Public Library of Science}
}
@article{etz2018introduction,
  title={Introduction to Bayesian inference for psychology},
  author={Etz, Alexander and Vandekerckhove, Joachim},
  journal={Psychonomic bulletin \& review},
  volume={25},
  pages={5--34},
  year={2018},
  publisher={Springer}
}
